@online{the_scream_img,
	author   = {Edvard Munch (Photo: Nasjonalmuseet / Børre Høstland)},
	title    = {The Scream},
	year     = {1893},
	urldate  = {2019-06-25},
	url      = {http://samling.nasjonalmuseet.no/en/object/NG.M.00939},
	keywords = {image}
}

@online{the_starry_night_img,
	author   = {The Starry Night},
	title    = {Vincent van Gogh},
	year     = {1889},
	urldate  = {2019-06-25},
	url      = {https://www.moma.org/collection/works/79802},
	keywords = {image}
}

@online{typical_cnn_img,
	author   = {Wikimedia Commons},
	title    = {Typical CNN architecture},
	year     = {2015},
	urldate  = {2018-04-03},
	url      = {https://upload.wikimedia.org/wikipedia/commons/6/63/Typical_cnn.png},
	keywords = {image}
}

@online{relu_activation_function_img,
	author = {PyTorch},
	title = {ReLU activation function},
	year = {2019},
	urldate = {2019-05-27},
	url = {https://pytorch.org/docs/stable/_images/ReLU.png},
	keywords = {image}
}

@online{prelu_activation_function_img,
	author = {PyTorch},
	title = {PReLU activation function},
	year = {2019},
	urldate = {2019-05-27},
	url = {https://pytorch.org/docs/stable/_images/PReLU.png},
	keywords = {image}
}

@online{hardtanh_activation_function_img,
	author = {PyTorch},
	title = {Hardtanh activation Function},
	year = {2019},
	urldate = {2019-05-27},
	url = {https://pytorch.org/docs/stable/_images/Hardtanh.png},
	keywords = {image}
}

@online{convolution_img,
	author = {Petar Veličković},
	year = {2016},
	urldate = {2019-02-19},
	url = {https://github.com/PetarV-/TikZ/tree/master/2D%20Convolution},
	keywords = {image}
}

@online{vgg16_img,
	author = {Max Ferguson},
	year = {2017},
	urldate = {2019-03-12},
	url = {https://www.researchgate.net/figure/Fig-A1-The-standard-VGG-16-network-architecture-as-proposed-in-32-Note-that-only_fig3_322512435},
	keywords = {image}
}

@online{receptive_field_img,
	author = {Dang Ha The Hien},
	year = {2017},
	urldate = {2019-03-20},
	url = {https://medium.com/mlreview/a-guide-to-receptive-field-arithmetic-for-convolutional-neural-networks-e0f514068807},
	keywords = {image}
}

@online{fast_neural_style_img,
	author = {Justin Johnson, Alexandre Alahi, Li Fei-Fei},
	year = {2016},
	urldate = {2019-04-02},
	url = {http://www.multisilicon.com/blog/a21321232.html},
	keywords = {image}
}

@online{perceptron_img,
	author = {Justin Johnson, Alexandre Alahi, Li Fei-Fei},
	year = {2016},
	urldate = {2019-04-10},
	url = {https://www.neural-networks.io/en/single-layer/perceptron.php},
	keywords = {image}
}

@online{residual_block_img,
	author = {Kaiming He and
               Xiangyu Zhang and
               Shaoqing Ren and
               Jian Sun},
	urldate = {2019-05-07},
	year = {2015},
	url = {https://arxiv.org/abs/1512.03385},
	keywords = {image}
}

@online{fully_connected_img,
	author = {Andrej Karpathy},
	urldate = {2019-05-22},
	year = {2019},
	url = {https://cs231n.github.io/neural-networks-1},
	keywords = {image}
}
