@unpublished{lectureVoigt,
	author = {Voigt, Benjamin},
	year = {2018},
	institution = {HTW Berlin},
	howpublished = {HTW Berlin},
	title = {Ausgew√§hlte Kapitel sozialer Webtechnologien: 1163150 Vorlesung 3 - Backpropagation algorithm},
	keywords = {online}
}

@misc{PyTorchFastNeuralStyle,
	author = {PyTorch},
	title = {Example: fast-neural-style},
	year = {2018},
	publisher = {GitHub},
	journal = {GitHub repository},
	howpublished = {\url{https://github.com/pytorch/examples/tree/master/fast_neural_style}},
	keywords = {online}
}

@misc{OnlineToturialNeuralStylePyTorch,
	author = {Alexis Jacq},
	title = {Neural Transfer using PyTorch},
	year = {2018},
	howpublished = {\url{https://pytorch.org/tutorials/advanced/neural_style_tutorial.html}},
	keywords = {online}
}

@misc{Johnson2015,
  author = {Johnson, Justin},
  title = {neural-style},
  year = {2015},
  publisher = {GitHub},
  journal = {GitHub repository},
  howpublished = {\url{https://github.com/jcjohnson/neural-style}},
  keywords = {online}
}

@misc{Johnson2016,
  author = {Johnson, Justin},
  title = {fast-neural-style},
  year = {2016},
  publisher = {GitHub},
  journal = {GitHub repository},
  howpublished = {\url{https://github.com/jcjohnson/fast-neural-style}},
  keywords = {online}
}

@misc{cs231n2,
	author = {Andrej Karpathy},
	year = {2019},
	institution = {Stanford University},
	title = {Module 1: Neural Networks: Backpropagation, Intuitions},
	howpublished = {\url{https://cs231n.github.io/optimization-2}},
	keywords = {online}
}

\@misc{pytorch-implementation-of-perceptual-losses-for-real-time-style-transfer,
	title = {Pytorch Implementation of Perceptual Losses for Real-Time Style Transfer},
	author = {Ceshine Lee},
	year = {2017},
	month = {07},
	publisher = {Towards Data Science},
	howpublished = {\url{https://towardsdatascience.com/8d608e2e9902}},
	keywords = {online}
}