@misc{ChristophStachStyleTransferBackend,
	author = {Christoph Stach},
	title = {Style Transfer Backend},
	year = {2019},
	howpublished = {\url{https://github.com/christophstach}},
	keywords = {online}
}